@article{GoogleQAI2023,
  author    = {Google Quantum AI},
  title     = {Suppressing quantum errors by scaling a surface code logical qubit},
  journal   = {Nature},
  volume    = {614},
  number    = {7949},
  pages     = {676--681},
  year      = {2023},
  doi       = {10.1038/s41586-022-05434-1}
}

@misc{paetznick2024demonstrationlogicalqubitsrepeated,
      title={Demonstration of logical qubits and repeated error correction with better-than-physical error rates}, 
      author={A. Paetznick and M. P. da Silva and C. Ryan-Anderson and J. M. Bello-Rivas and J. P. Campora III and A. Chernoguzov and J. M. Dreiling and C. Foltz and F. Frachon and J. P. Gaebler and T. M. Gatterman and L. Grans-Samuelsson and D. Gresh and D. Hayes and N. Hewitt and C. Holliman and C. V. Horst and J. Johansen and D. Lucchetti and Y. Matsuoka and M. Mills and S. A. Moses and B. Neyenhuis and A. Paz and J. Pino and P. Siegfried and A. Sundaram and D. Tom and S. J. Wernli and M. Zanner and R. P. Stutz and K. M. Svore},
      year={2024},
      eprint={2404.02280},
      archivePrefix={arXiv},
      primaryClass={quant-ph},
      url={https://arxiv.org/abs/2404.02280}, 
}

@article{PRXQuantum.5.040342,
  title = {Suppressing Counter-Rotating Errors for Fast Single-Qubit Gates with Fluxonium},
  author = {Rower, David A. and Ding, Leon and Zhang, Helin and Hays, Max and An, Junyoung and Harrington, Patrick M. and Rosen, Ilan T. and Gertler, Jeffrey M. and Hazard, Thomas M. and Niedzielski, Bethany M. and Schwartz, Mollie E. and Gustavsson, Simon and Serniak, Kyle and Grover, Jeffrey A. and Oliver, William D.},
  journal = {PRX Quantum},
  volume = {5},
  issue = {4},
  pages = {040342},
  numpages = {17},
  year = {2024},
  publisher = {American Physical Society},
  doi = {10.1103/PRXQuantum.5.040342},
  url = {https://link.aps.org/doi/10.1103/PRXQuantum.5.040342}
}

@article{Srinivas_2021,
   title={High-fidelity laser-free universal control of trapped ion qubits},
   volume={597},
   ISSN={1476-4687},
   url={http://dx.doi.org/10.1038/s41586-021-03809-4},
   DOI={10.1038/s41586-021-03809-4},
   number={7875},
   journal={Nature},
   publisher={Springer Science and Business Media LLC},
   author={Srinivas, R. and Burd, S. C. and Knaack, H. M. and Sutherland, R. T. and Kwiatkowski, A. and Glancy, S. and Knill, E. and Wineland, D. J. and Leibfried, D. and Wilson, A. C. and Allcock, D. T. C. and Slichter, D. H.},
   year={2021},
   month=sep, pages={209–213} }

@article{gemanium999,
	author = {Zhou, Yu-Chen and Ma, Rong-Long and Kong, Zhenzhen and Li, Ao-Ran and Zhang, Chengxian and Zhang, Xin and Liu, Yang and Jiang, Hao-Tian and Wu, Zhi-Tao and Wang, Gui-Lei and Cao, Gang and Guo, Guang-Can and Li, Hai-Ou and Guo, Guo-Ping},
	journal = {Nature Communications},
	number = {1},
	pages = {7953},
	title = {High-fidelity geometric quantum gates exceeding 99.9{\%} in germanium quantum dots},
	volume = {16},
	year = {2025}}


@article{FTQM2024,
	author = {Bravyi, Sergey and Cross, Andrew W. and Gambetta, Jay M. and Maslov, Dmitri and Rall, Patrick and Yoder, Theodore J.},
	journal = {Nature},
	number = {8005},
	pages = {778--782},
	title = {High-threshold and low-overhead fault-tolerant quantum memory},
	volume = {627},
	year = {2024}}





@article{Monroe1995,
  author    = {C. Monroe and D. M. Meekhof and B. E. King and W. M. Itano and D. J. Wineland},
  title     = {Demonstration of a Fundamental Quantum Logic Gate},
  journal   = {Physical Review Letters},
  year      = {1995},
  volume    = {75},
  number    = {25},
  pages     = {4714--4717},
  url       = {https://tf.nist.gov/general/pdf/140.pdf},
  note      = {National Institute of Standards and Technology, Boulder, Colorado}
}

@misc{beauregard2003circuitshorsalgorithmusing,
      title={Circuit for Shor's algorithm using 2n+3 qubits}, 
      author={Stephane Beauregard},
      year={2003},
      eprint={quant-ph/0205095},
      archivePrefix={arXiv},
      primaryClass={quant-ph},
      url={https://arxiv.org/abs/quant-ph/0205095}, 
}

@article{Gidney_2021,
   title={How to factor 2048 bit RSA integers in 8 hours using 20 million noisy qubits},
   volume={5},
   ISSN={2521-327X},
   url={http://dx.doi.org/10.22331/q-2021-04-15-433},
   DOI={10.22331/q-2021-04-15-433},
   journal={Quantum},
   publisher={Verein zur Forderung des Open Access Publizierens in den Quantenwissenschaften},
   author={Gidney, Craig and Ekerå, Martin},
   year={2021},
   month=apr, pages={433} }


@InProceedings{10.1007/978-3-032-01878-6_13,
author="Chevignard, Cl{\'e}mence
and Fouque, Pierre-Alain
and Schrottenloher, Andr{\'e}",
editor="Tauman Kalai, Yael
and Kamara, Seny F.",
title="Reducing the Number of Qubits in Quantum Factoring",
booktitle="Advances in Cryptology -- CRYPTO 2025",
year="2025",
publisher="Springer Nature Switzerland",
address="Cham",
pages="384--415",
abstract="This paper focuses on the optimization of the number of logical qubits in quantum algorithms for factoring and computing discrete logarithms in {\$}{\$}{\backslash}mathbb {\{}Z{\}}{\_}N^*{\$}{\$}ZN∗. These algorithms contain an exponentiation circuit modulo N, which is responsible for most of their cost, both in qubits and operations.",
isbn="978-3-032-01878-6"
}

@article{NatureQC2023,
  author = {A. D. King and T. Lanting and R. Harris and M. H. Amin and E. Andriyash and S. V. Isakov and M. W. Johnson and P. I. Bunyk and C. Rich and M. C. Thom and others},
  title = {Quantum critical dynamics in a 5,000-qubit programmable spin glass},
  journal = {Nature},
  year = {2023},
  volume = {618},
  pages = {500--505},
  doi = {10.1038/s41586-023-05867-2},
  url = {https://www.nature.com/articles/s41586-023-05867-2}
}

